#INTRODUCTION
@misc{riley_neonatal,
  title={Neonatal encephalopathy},
  author={{Riley Children's Health}},
  howpublished={\url{https://www.rileychildrens.org}},
}

@misc{medlineplus_apgar,
  title={Apgar Test},
  author={{MedlinePlus}},
  year={n.d.},
  howpublished={\url{https://medlineplus.gov/ency/article/003402.htm}},
}

@misc{modified_sarnat_score,
  title={The Modified Sarnat Score in the Assessment of Neonatal Encephalopathy: A Quality Improvement Initiative},
  author={Power, B.D. and McGinley, J. and Sweetman, D. and Murphy, J.F.},
  year={2019},
}

@article{clarke_management_2017,
  title={Management and investigation of neonatal encephalopathy: 2017 update},
  author={Clarke, P. and others},
  journal={BMJ},
  volume={102},
  number={4},
  pages={F346},
  year={2017},
  note={url{https://fn.bmj.com/content/102/4/F346}}
}

@article{garcia_alix_scale,
  title={Development, reliability, and testing of a new rating scale for neonatal encephalopathy},
  author={Garcia-Alix, Alfredo and Arnaez, Juan and Arca, Gemma and Agut, Thais and Alarcon, Ana and Mart{\'\i}n-Ancel, Ana and Girabent-Farres, Montserrat and Valverde, Eva and Benavente-Fern{\'a}ndez, Isabel},
  journal={The Journal of Pediatrics},
  volume={235},
  pages={83--91},
  year={2021},
  publisher={Elsevier}
}

@article{kurinczuk_review,
  title={Epidemiology of neonatal encephalopathy and hypoxic--ischaemic encephalopathy},
  author={Kurinczuk, Jennifer J and White-Koning, Melanie and Badawi, Nadia},
  journal={Early human development},
  volume={86},
  number={6},
  pages={329--338},
  year={2010},
  publisher={Elsevier}
}

@article{sarnat_scale,
  title={Neonatal encephalopathy following fetal distress: a clinical and electroencephalographic study},
  author={Sarnat, Harvey B and Sarnat, Margaret S},
  journal={Archives of neurology},
  volume={33},
  number={10},
  pages={696--705},
  year={1976},
  publisher={American Medical Association}
}

@article{hammoud_machine_2024,
  title={Machine learning-based infant crying interpretation},
  author={Mohammed Hammoud and Melaku N. Getahun and Anna Baldycheva and Andrey Somov},
  year={2024},
  journal={Frontiers in Artificial Intelligence},
  volume={7},
  howpublished={\url{https://www.frontiersin.org/articles/10.3389/frai.2024.1337356/full}},
  doi={10.3389/frai.2024.1337356}
}

@article{tuduce_why_2018,
  title={Why is My Baby Crying? An In-Depth Analysis of Paralinguistic Features and Classical Machine Learning Algorithms for Baby Cry Classification},
  author={Rodica Ileana Tuduce and Horia Cucu and Corneliu Burileanu},
  year={2018},
  journal={IEEE},
  howpublished={\url{https://ieeexplore.ieee.org/abstract/document/8441363}}
}

@article{ruiz_zafra_neocam_2023,
  title={NeoCam: An edge-cloud platform for non-invasive real-time monitoring in neonatal intensive care units},
  author={Ruiz-Zafra, A. and Precioso, D. and Salvador, B. and Lubián-López, S. P. and Jiménez, J. and Benavente-Fernández, I. and Gontard, L. C.},
  journal={IEEE Journal of Biomedical and Health Informatics},
  year={2023}
}

@article{rocha_how_2023,
  title={How Far Do We Get Using Machine Learning Black-Boxes?},
  author={Rocha, Anderson and Papa, João Paulo and Meira, Luis A. A.},
  year={2023},
  journal={Institute of Computing, University of Campinas (UNICAMP), Department of Computer Science, State University of São Paulo (UNESP), Department of Science and Technology, Federal University of São Paulo (UNIFESP)},
  howpublished={\url{https://www.ic.unicamp.br/~rocha/publications/ml_black_boxes.pdf}},
}

@article{stewart_empirical_2002,
  title={An empirical examination of the concern for information privacy instrument},
  author={Stewart, K. A. and Segars, A. H.},
  journal={Information Systems Research},
  volume={13},
  number={1},
  pages={36-49},
  year={2002}
}

@book{dickson_enduring_2015,
  title={Enduring and emerging challenges of informed consent},
  author={Dickson, J.},
  year={2015},
  publisher={Delivering Digital Drugs}
}

@article{whitley_consent_2012,
  title={Consent and research governance in biobanks: evidence from focus groups with medical researchers},
  author={Whitley, E. A. and Kanellopoulou, N. and Kaye, J.},
  journal={Public Health Genomics},
  volume={15},
  number={5},
  pages={232-242},
  year={2012}
}


@article{K2021,
  title={Deep Learning Assisted Neonatal Cry Classification via Support Vector Machine Models},
  author={K, Ashwini and Vincent, P. M. Durai Raj and Srinivasan, Kathiravan and Chang, Chuan-Yu},
  journal={Frontiers in Public Health},
  volume={9},
  pages={670352},
  year={2021},
  publisher={Frontiers},
  doi={10.3389/fpubh.2021.670352},
  url={https://www.frontiersin.org/articles/10.3389/fpubh.2021.670352/full}
}

@article{zabidi2009classification,
  title={Classification of Infant Cries with Hypothyroidism Using Multilayer Perceptron Neural Network},
  author={Zabidi, Azlee and Mansor, Wahidah and Khuan, Lee Yoot and Yassin, Ihsan Mohd and Sahak, Rohilah},
  journal={},
  year={2009}
}

% Ref 4
@article{Tagin2012,
  title={Hypothermia for neonatal hypoxic ischemic encephalopathy: an updated systematic review and meta-analysis},
  author={Tagin, MA and Woolcott, CG and Vincer, MJ and Whyte, RK and Stinson, DA},
  journal={Archives of Pediatrics \& Adolescent Medicine},
  volume={166},
  number={6},
  pages={558--566},
  year={2012},
  publisher={American Medical Association}
}

% Ref 13
@article{Rahimzad2021,
  title={Performance comparison of an LSTM-based deep learning model versus conventional machine learning algorithms for streamflow forecasting},
  author={Rahimzad, M and Moghaddam Nia, A and Zolfonoon, H and Soltani, J and Danandeh Mehr, A and Kwon, H H},
  journal={Water Resources Management},
  volume={35},
  number={12},
  pages={4167--4187},
  year={2021},
  publisher={Springer}
}

% Ref 14
@inproceedings{Oukhouya2023,
  title={Comparing machine learning methods—svr, xgboost, lstm, and mlp—for forecasting the moroccan stock market},
  author={Oukhouya, H and El Himdi, K},
  booktitle={Computer Sciences \& Mathematics Forum},
  volume={7},
  number={1},
  pages={39},
  year={2023},
  organization={MDPI}
}

% Ref 15
@inproceedings{Lakshminarayanan2019,
  title={A Comparative Study of SVM and LSTM Deep Learning Algorithms for Stock Market Prediction},
  author={Lakshminarayanan, S K and McCrae, J P},
  booktitle={AICS},
  pages={446--457},
  year={2019},
  month={December}
}

% Ref 16
@article{Williamson2024,
  title={Balancing Privacy and Progress: A Review of Privacy Challenges, Systemic Oversight, and Patient Perceptions in AI-Driven Healthcare},
  author={Williamson, S M and Prybutok, V},
  journal={Applied Sciences},
  volume={14},
  number={2},
  pages={675},
  year={2024},
  publisher={MDPI}
}

% Ref 12
@article{Kelly2021,
  title={Key challenges for delivering clinical impact with artificial intelligence},
  author={Kelly, Christopher J and Karthikesalingam, Alan and Suleyman, Mustafa and Corrado, Greg and King, Dominic},
  journal={Nature Medicine},
  volume={27},
  pages={27--33},
  year={2021},
  publisher={Springer}
}

% Ref 19
@misc{EU2016,
  title={Regulation (EU) 2016/679 of the European Parliament and of the Council of 27 April 2016 on the protection of natural persons with regard to the processing of personal data and on the free movement of such data, and repealing Directive 95/46/EC (General Data Protection Regulation)},
  author={European Parliament and Council of the European Union},
  journal={Official Journal of the European Union},
  year={2016},
  url={https://eur-lex.europa.eu/eli/reg/2016/679/oj}
}

% Ref 20
@article{Murphy2021,
  title={Artificial intelligence for good health: a scoping review of the ethics literature},
  author={Murphy, K and Di Ruggiero, E and Upshur, R and Willison, D J and Malhotra, N and Cai, J C and Gibson, J},
  journal={BMC Medical Ethics},
  volume={22},
  pages={1--17},
  year={2021},
  publisher={Springer}
}

% Ref 25
@article{Naik2022,
  title={Legal and ethical consideration in artificial intelligence in healthcare: who takes responsibility?},
  author={Naik, N and Hameed, B M and Shetty, D K and Swain, D and Shah, M and Paul, R and Somani, B K},
  journal={Frontiers in Surgery},
  volume={9},
  pages={266},
  year={2022},
  publisher={Frontiers Media SA}
}

% Ref 26
@article{Griffin2021,
  title={Artificial intelligence and liability in health care},
  author={Griffin, F},
  journal={Health Matrix},
  volume={31},
  pages={65},
  year={2021},
  publisher={Case Western Reserve University School of Law}
}

% Ref 27
@incollection{MolnarGabor2020,
  title={Artificial intelligence in healthcare: doctors, patients and liabilities},
  author={Molnár-Gábor, F},
  booktitle={Regulating Artificial Intelligence},
  pages={337--360},
  year={2020},
  publisher={Springer}
}

#State of the art
@article{Uddin2019,
  title={Comparing different supervised machine learning algorithms for disease prediction},
  author={Uddin, Sayeed and Khan, Asif and Hossain, M. and others},
  journal={BMC Medical Informatics and Decision Making},
  volume={19},
  number={1},
  pages={281},
  year={2019},
  publisher={BioMed Central},
  doi={10.1186/s12911-019-1004-8}
}

@article{Bashiri2020,
  title={Infant Crying Classification by Using Genetic Algorithm and Artificial Neural Network},
  author={Azadeh Bashiri and Roghaye Hosseinkhani},
  journal={Acta Medica Iranica},
  volume={58},
  number={10},
  pages={531--539},
  year={2020},
  publisher={Tehran University of Medical Sciences}
}

@article{Chang2020,
  title={An Efficient Classification of Neonates Cry Using Extreme Gradient Boosting-Assisted Grouped-Support-Vector Network},
  author={Chuan-Yu Chang and Sweta Bhattacharya and P. M. Durai Raj Vincent and Kuruva Lakshmanna and Kathiravan Srinivasan},
  journal={IEEE Access},
  volume={8},
  pages={60729--60741},
  year={2020},
  publisher={IEEE}
}

@article{Ji2020,
  title={A review of infant cry analysis and classification},
  author={Chunyan Ji and Thosini Bamunu Mudiyanselage and Yutong Gao and Yi Pan},
  journal={IEEE Reviews in Biomedical Engineering},
  volume={13},
  pages={77--89},
  year={2020},
  publisher={IEEE}
}


@article{Liang2022,
  title={Deep Learning for Infant Cry Recognition},
  author={Yun-Chia Liang and Iven Wijaya and Ming-Tao Yang and Josue Rodolfo Cuevas Juarez and Hou-Tai Chang},
  journal={International Journal of Environmental Research and Public Health},
  volume={19},
  number={6311},
  year={2022},
  publisher={MDPI},
  doi={10.3390/ijerph19106311}
}


@article{Wahid2016,
  title={Automatic Infant Cry Pattern Classification for a Multiclass Problem},
  author={N.S. Abdul Wahid and P. Saad and M. Hariharan},
  journal={Journal of Telecommunication, Electronic and Computer Engineering},
  volume={8},
  number={12},
  pages={21--24},
  year={2016},
  publisher={UTM Press}
}

@article{Orlandi2016,
  title={Application of Pattern Recognition Techniques to the Classification of Full-Term and Preterm Infant Cry},
  author={Silvia Orlandi and Carlos Alberto Reyes Garcia and Andrea Bandini and Gianpaolo Donzelli and Claudia Manfredi},
  journal={Journal of Voice},
  volume={30},
  number={6},
  pages={656--663},
  year={2016},
  publisher={Elsevier}
}


@inproceedings{Kohli2019,
  title={Application of Machine Learning in Disease Prediction},
  author={Pahulpreet Singh Kohli and Shriya Arora},
  booktitle={2019 International Conference on Advances in Computing, Communication and Control (ICAC3)},
  pages={1-5},
  year={2019},
  publisher={IEEE},
  doi={10.1109/ICAC347590.2019.8986624}
}

@article{Chen2017,
  title={Disease Prediction by Machine Learning Over Big Data From Healthcare Communities},
  author={Min Chen, Yixue Hao, Kai Hwang, Lu Wang, Lin Wang},
  journal={IEEE Access},
  volume={5},
  pages={8869-8879},
  year={2017},
  publisher={IEEE},
  doi={10.1109/ACCESS.2017.2694446}
}

#Features
@article{Abdul2022,
  title = {Mel frequency cepstral coefficient and its applications: A review},
  author = {Abdul, Z. K. and Al-Talabani, A. K.},
  journal = {IEEE Access},
  volume = {10},
  pages = {122136--122158},
  year = {2022}
}

@article{Bradbury2000,
	author = {Bradbury, John},
	title = {Linear predictive coding},
	year = {2000},
	publisher = {McGraw-Hill},
	doi = {10.1109/9.854525}
}

@misc{GrabVoice2024,
    author = {GrabVoice},
	title = {Spectral Analysis in Speech Processing: Cepstrum Smoothing and LPC Analysis Calculation},
	publisher = {Medium},
	year = {2024},
	url = {https://medium.com/@grabvoice/spectral-analysis-in-speech-processing-cepstrum-smoothing-and-lpc-analysis-calculation-b747cf229af6}
}

# MODELS
@article{Mercado2015,
	author = {Mercado Polo, D. and Pedraza Caballero, L. and Martínez Gómez, E.},
	title = {Comparación de Redes Neuronales aplicadas a la predicción de Series de Tiempo},
	journal = {Prospectiva},
	volume = {13},
	number = {2},
	pages = {88--95},
	year = {2015}
}

@article{Perez2014,
	author = {Pérez, Juan C. and López, María A.},
	title = {Tutorial on Support Vector Machines (SVM)},
	journal = {ResearchGate},
	year = {2014},
	url = {https://www.researchgate.net/publication/263817587_Tutorial_sobre_Maquinas_de_Vectores_Soporte_SVM}
}

@article{berrar2019cross,
  title={Cross-validation},
  author={Berrar, D.},
  journal={Encyclopedia of Bioinformatics and Computational Biology: ABC of Bioinformatics},
  year={2019},
  publisher={Elsevier}
}


@article{popescu2019multilayer,
  title={Multilayer Perceptron and Neural Networks},
  author={Popescu, Marius-Constantin and Balas, Valentina E. and Perescu-Popescu, Liliana and Mastorakis, Nikos},
  journal={Faculty of Electromechanical and Environmental Engineering, University of Craiova1 Faculty of Engineering, “Aurel Vlaicu” University of Arad2 “Elena Cuza” College of Craiova3 ROMANIA, Technical University of Sofia4 BULGARIA},
  year={2019},
  volume={1},
  number={1},
  pages={1-10}
}

@misc{Liao2019,
  author={Wenjun Liao},
  title={Lecture Slides: Chapter 9},
  year=2019,
  url={https://wliao60.math.gatech.edu/19FallDataScience/LectureSlides/Chapter9.pdf},
  note={Accessed: 2024-06-04}
}

@inproceedings{Sak2014,
  author    = {H. Sak and A. W. Senior and F. Beaufays},
  title     = {Long Short-Term Memory Recurrent Neural Network Architectures for Large Scale Acoustic Modeling},
  booktitle = {Proceedings of the Annual Conference of the International Speech Communication Association (INTERSPEECH)},
  year      = {2014}
}

@article{Paul2013,
  title={Methodological analysis of principal component analysis (PCA) method},
  author={Paul, L. C. and Suman, A. A. and Sultan, N.},
  journal={International Journal of Computational Engineering \& Management},
  volume={16},
  number={2},
  pages={32--38},
  year={2013}
}

@article{Lipovetsky2009,
  title={PCA and SVD with nonnegative loadings},
  author={Lipovetsky, S.},
  journal={Pattern Recognition},
  volume={42},
  number={1},
  pages={68--76},
  year={2009}
}

@inproceedings{arora2018analysis,
  title={An analysis of the t-sne algorithm for data visualization},
  author={Arora, S. and Hu, W. and Kothari, P. K.},
  booktitle={Conference on Learning Theory},
  pages={1455--1462},
  month={July},
  year={2018},
  organization={PMLR}
}

@misc{UpToDateNeonatalEncephalopathy,
  author       = {Yvonne Wu, MD, MPH},
  title        = {Clinical features, diagnosis, and treatment of neonatal encephalopathy},
  note         = {Literature review current through: May 2024. This topic last updated: Jan 30, 2024},
}

